<?xml version="1.0" encoding="UTF-8"?><collection xmlns="http://www.loc.gov/MARC21/slim"><record><leader>00369nam--2200145-i-4500</leader><controlfield tag="001">000041966</controlfield><controlfield tag="002">20161230</controlfield><controlfield tag="005">20161230201043</controlfield><controlfield tag="008">060222s1000------------r-----000-0-eng-d</controlfield><datafield ind1=" " ind2=" " tag="080"><subfield code="a">535</subfield></datafield><datafield ind1=" " ind2=" " tag="100"><subfield code="a">Smith,Graham F. And Thomson,J.H</subfield></datafield><datafield ind1=" " ind2=" " tag="245"><subfield code="a">Optics</subfield></datafield><datafield ind1=" " ind2=" " tag="260"><subfield code="a">London, John Wiley &amp; Sons, Ltd., 1971. Xv + 350 P</subfield></datafield><datafield ind1=" " ind2=" " tag="490"><subfield code="a">The Manchester Ph.Series</subfield></datafield><datafield ind1=" " ind2=" " tag="852"><subfield code="a">35959</subfield></datafield></record></collection>